<?xml version="1.0" encoding="UTF-8"?><record xmlns="http://www.loc.gov/MARC21/slim" xmlns:cinclude="http://apache.org/cocoon/include/1.0" xmlns:zs="http://www.loc.gov/zing/srw/">
  <leader>00909cz  a2200145n  4500</leader>
  <controlfield tag="001">no2006076587</controlfield>
  <controlfield tag="003">DLC</controlfield>
  <controlfield tag="005">20101209075357.0</controlfield>
  <controlfield tag="008">060720n| acannaabn          |n aaa     c</controlfield>
  <datafield tag="010" ind1=" " ind2=" ">
    <subfield code="a">no2006076587</subfield>
  </datafield>
  <datafield tag="035" ind1=" " ind2=" ">
    <subfield code="a">(OCoLC)oca07003351</subfield>
  </datafield>
  <datafield tag="040" ind1=" " ind2=" ">
    <subfield code="a">IAhCCS</subfield>
    <subfield code="b">eng</subfield>
    <subfield code="c">IAhCCS</subfield>
    <subfield code="d">DLC</subfield>
  </datafield>
  <datafield tag="100" ind1="1" ind2=" ">
    <subfield code="a">Montgomery, Gladys</subfield>
  </datafield>
  <datafield tag="670" ind1=" " ind2=" ">
    <subfield code="a">Antiquing weekends, 2006:</subfield>
    <subfield code="b">t.p. (Gladys Montgomery) about the author (is a writer who specializes in travel and in historic architecture, period interiors, and antiques; she lives in West Stockbridge, Mass.)</subfield>
  </datafield>
  <datafield tag="670" ind1=" " ind2=" ">
    <subfield code="a">Montgomery, Gladys. An elegant wilderness, 2011:</subfield>
    <subfield code="b">eCIP t.p. (Gladys Montgomery) data view (award-winning writer and editor; founding editor of Berkshire Living Home + Garden and writer of magazine features about architecture, design, antiques, and historic buildings; in 2007, she transposed this expertise into a real estate career with The Kinderhook Group; b. Sept. 29, 1950).</subfield>
  </datafield>
</record>